<record><leader>00000cas a22000007a 4500</leader><controlfield tag="001">9563475</controlfield><controlfield tag="008">830601d18731913maudn ne      0    0eng d</controlfield><controlfield tag="009">3768</controlfield><datafield ind1=" " ind2=" " tag="010"><subfield code="a">sn 83020799 </subfield></datafield><datafield ind1=" " ind2=" " tag="040"><subfield code="a">NPX</subfield><subfield code="b">eng</subfield><subfield code="c">NPX</subfield><subfield code="d">MGN</subfield></datafield><datafield ind1=" " ind2=" " tag="042"><subfield code="a">msc</subfield></datafield><datafield ind1=" " ind2=" " tag="043"><subfield code="a">n-us-ma</subfield></datafield><datafield ind1="0" ind2=" " tag="130"><subfield code="a">Woburn journal (Woburn, Mass. : 1873)</subfield></datafield><datafield ind1="0" ind2="0" tag="245"><subfield code="a">Woburn journal.</subfield></datafield><datafield ind1=" " ind2=" " tag="260"><subfield code="a">Woburn, Mass. :</subfield><subfield code="b">J.L. Parker,</subfield></datafield><datafield ind1=" " ind2=" " tag="300"><subfield code="a">v. ;</subfield><subfield code="c">60 cm.</subfield></datafield><datafield ind1=" " ind2=" " tag="310"><subfield code="a">Daily (except Sun. and holidays),</subfield><subfield code="b">Jan. 1-Aug. 29, 1913</subfield></datafield><datafield ind1=" " ind2=" " tag="321"><subfield code="a">Weekly,</subfield><subfield code="b">1873-Dec. 27, 1912</subfield></datafield><datafield ind1="1" ind2=" " tag="362"><subfield code="a">Vol. 23, no. 1 (Sept. 20, 1873)-v. 64, no. 201 (Aug. 29, 1913).</subfield></datafield><datafield ind1=" " ind2=" " tag="500"><subfield code="a">Independent, &lt;1873-1876&gt;.</subfield></datafield><datafield ind1=" " ind2=" " tag="500"><subfield code="a">Proprietors: J.L. Parker, 1873-Apr. 10, 1880; French &amp; Andrews, Apr. 16-Aug. 6, 1880; George A. Hobbs, Aug. 13, 1880-Oct. 18, 1912; George H. Newcomb, Oct. 25-Dec. 27, 1912.</subfield></datafield><datafield ind1=" " ind2=" " tag="500"><subfield code="a">Editor: J.L. Parker, 1873-Apr. 10, 1880.</subfield></datafield><datafield ind1=" " ind2=" " tag="530"><subfield code="a">Available on microfilm from Graphic Microfilm of New England.</subfield></datafield><datafield ind1=" " ind2=" " tag="752"><subfield code="a">United States</subfield><subfield code="b">Massachusetts</subfield><subfield code="c">Middlesex</subfield><subfield code="d">Woburn.</subfield></datafield><datafield ind1="0" ind2="0" tag="780"><subfield code="t">Middlesex County journal</subfield><subfield code="w">(DLC)sn 83020798</subfield></datafield><datafield ind1="0" ind2="5" tag="780"><subfield code="t">Evening news (Woburn, Mass.)</subfield><subfield code="w">(DLC)sn 89063487</subfield></datafield></record>